@inproceedings{burlin17,
  author = {C. Burlin and Y. Le Calonnec and L. Duperier},
  title = {Deep Image Inpainting},
  booktitle = {Stanford C231N course project},
  year = {2017}
}
@misc{hs-art,
	author = "HS-Art",
	title = "We are the specialist for digital film restoration solutions",
	howpublished = "\url{http://www.hs-art.com/index.php}",
	note = "[Online; accessed $24^{th}$ September 2018]"
}

@misc{hs-art2,
	author = "HS-Art",
	title = "HS-Art Demo Reel",
	year = "2011",
	howpublished = "\url{https://www.youtube.com/watch?v=neZdImdW6BI}",
	note = "[Online; accessed $24^{th}$ September 2018]"
}


@inproceedings{gupta17,
  author = {K. Gupta and S. Kazi and T. Kong},
  title = {DeepPaint: A Tool for Image Inpainting},
  booktitle = {Stanford C231N course project},
  year = {2016}
}

@inproceedings{Koehler14,
  author = {R. Köhler and C. Schuler and B. Schölkopf and S. Harmeling},
  title = {{Mask-Specific Inpainting with Deep Neural Networks}},
  booktitle={Proceedings of the German Conference on Pattern Recognition (GCPR 2014)},  year = {2014}

}

@ARTICLE{Guillemot2014,
author={C. Guillemot and O. Le Meur},
journal={IEEE Signal Processing Magazine},
title={Image Inpainting: Overview and Recent Advances},
year={2014},
volume={31},
number={1},
pages={127-144}

}

@ARTICLE{Boujena15,
author={S. Boujena and K. Bellaj and E. El Guarmah and O. Gouasnouane},
journal={Applied Mathematical Sciences},
title={An Improved Nonlinear
Model for Image Inpainting},
year={2015},
volume={9},
number={124},
pages={6189-6205}

}


@article{vanNoord18,
  author    = {N. van Noord and
               E. O. Postma},
  title     = {Light-weight pixel context encoders for image inpainting},
  journal   = {CoRR},
  volume    = {abs/1801.05585},
  year      = {2018},
  url       = {http://arxiv.org/abs/1801.05585},
  archivePrefix = {arXiv},
  eprint    = {1801.05585},
  timestamp = {Mon, 13 Aug 2018 16:48:14 +0200},
  biburl    = {https://dblp.org/rec/bib/journals/corr/abs-1801-05585},
  bibsource = {dblp computer science bibliography, https://dblp.org}
}

@article{getreuer12,
    title   = {{Total Variation Inpainting using Split Bregman}},
    author  = {P. Getreuer},
    journal = {{Image Processing On Line}},
    volume  = {2},
    pages   = {147-157},
    year    = {2012},
    doi     = {10.5201/ipol.2012.g-tvi}
}
% if your bibliography style doesn't support doi fields:    note    = {\url{https://doi.org/10.5201/ipol.2012.g-tvi}}


@article{Neri14,
    title   = {{Total variation-based image
inpainting and denoising using a primal-dual active set method}},
    author  = {M. Neri and E. R. R. Zara},
    journal = {Philippine Science Letters},
    volume  = {7},
    number={1},
    pages   = {97-103},
    year    = {2014}
}
@inproceedings{Yeh17,
  author = {R. A. Yeh and C. Chen and T. Y. Lim and
A. G. Schwing and M. Hasegawa-Johnson and M. N. Do},
  title = {Semantic Image Inpainting with Deep Generative Models},
booktitle={Proceedings of the IEEE Conference on Computer Vision and Pattern Recognition (CVPR 2017)},  year = {2017}, pages = {5485-5493}
}

@InProceedings{long15,
author = {J. Long and E. Shelhamer and T. Darrell},
title = {Fully Convolutional Networks for Semantic Segmentation},
booktitle = {Proceedings of the IEEE Conference on Computer Vision and Pattern Recognition (CVPR 2015)},
year = {2015}
} 

@article{Huang16,
  author    = {G. Huang and Z. Liu and K. Q. Weinberger},
  title     = {Densely Connected Convolutional Networks},
  journal   = {CoRR},
  volume    = {abs/1608.06993},
  year      = {2016},
  url       = {http://arxiv.org/abs/1608.06993},
  archivePrefix = {arXiv},
  eprint    = {1608.06993}
}

@article{Qazanfari17,
  author    = {K. Qazanfari and R. Aslanzadeh and M. Rahmati},
  title     = {An Efficient Evolutionary Based Method For Image Segmentation},
  journal   = {CoRR},
  volume    = {abs/1709.04393},
  year      = {2017},
  url       = {http://arxiv.org/abs/1709.04393},
  archivePrefix = {arXiv},
  eprint    = {1709.04393}
}

@article{Yuheng17,
  author    = {S. Yuheng and Y. Hao},
  title     = {Image Segmentation Algorithms Overview},
  journal   = {CoRR},
  volume    = {abs/1707.02051},
  year      = {2017},
  url       = {http://arxiv.org/abs/1707.02051},
  archivePrefix = {arXiv},
  eprint    = {1707.02051}
}

@ARTICLE{Chen18,
author={L. Chen and G. Papandreou and I. Kokkinos and K. Murphy and A. L. Yuille},
journal={IEEE Transactions on Pattern Analysis and Machine Intelligence},
title={DeepLab: Semantic Image Segmentation with Deep Convolutional Nets, Atrous Convolution, and Fully Connected CRFs},
year={2018},
volume={40},
number={4},
pages={834-848},
doi={10.1109/TPAMI.2017.2699184},
ISSN={0162-8828},
month={April}
}

@inproceedings{Ronneberger15,
  author = {O. Ronneberger and P. Fischer and T. Brox},
  title = {U-Net: Convolutional Networks for Biomedical
Image Segmentation},
booktitle={Proceedings of the International Conference on Medical Image Computing and Computer-Assisted Intervention (MICCAI 2015)},  year = {2015}, pages = {234-241}
}

@ARTICLE{chen17,
author={Y. Chen and T. Pock},
journal={IEEE Transactions on Pattern Analysis and Machine Intelligence},
title={Trainable Nonlinear Reaction Diffusion: A Flexible Framework for Fast and Effective Image Restoration},
year={2017},
volume={39},
number={6},
pages={1256-1272},
doi={10.1109/TPAMI.2016.2596743},
ISSN={0162-8828},
}

@ARTICLE{Milanfar13,
author={P. Milanfar},
journal={IEEE Signal Processing Magazine},
title={A Tour of Modern Image Filtering: New Insights and Methods, Both Practical and Theoretical},
year={2013},
volume={30},
number={1},
pages={106-128},
doi={10.1109/MSP.2011.2179329},
ISSN={1053-5888},
}
@InProceedings{Chen15,
author = {Y. Chen and W. Yu and T. Pock},
title = {On Learning Optimized Reaction Diffusion Processes for Effective Image Restoration},
booktitle = {Proceedings of the IEEE Conference on Computer Vision and Pattern Recognition (CVPR 2015)},
year = {2015}
} 

@InProceedings{Szegedy15,
author = {C. Szegedy and W. Liu and Y. Jia and P. Sermanet and S. Reed and D. Anguelov and D. Erhan and V. Vanhoucke and A. Rabinovich},
title = {Going Deeper With Convolutions},
booktitle = {Proceedings of the IEEE Conference on Computer Vision and Pattern Recognition (CVPR 2015)},
month = {June},
year = {2015}
} 

@article{Simonyan14,
  author    = {K. Simonyan and
               A. Zisserman},
  title     = {Very Deep Convolutional Networks for Large-Scale Image Recognition},
  journal   = {CoRR},
  volume    = {abs/1409.1556},
  year      = {2014},
  url       = {http://arxiv.org/abs/1409.1556},
  archivePrefix = {arXiv},
  eprint    = {1409.1556}
}

@ARTICLE{Perona90,
author={P. Perona and J. Malik},
journal={IEEE Transactions on Pattern Analysis and Machine Intelligence},
title={Scale-space and edge detection using anisotropic diffusion},
year={1990},
volume={12},
number={7},
pages={629-639},
}

@book{weickert98,
  title={Anisotropic diffusion in image processing},
  author={J. Weickert},
  volume={1},
  year={1998},
  publisher={Teubner Stuttgart}
}

@misc{CI,
  Author = {F. Pernkopf and G. Bellec and A. Subramoney and C. Knoll},
  Institution = {TU Graz},
  Howpublished = {University Lecture},
  Year = {2016},
  Title = {Computational Inteligence}
}

@misc{NN,
  Author = {R. Legenstein},
  Institution = {TU Graz},
  Howpublished = {University Lecture},
  Year = {2017},
  Title = {Neural Networks}
}

@misc{BVME,
  Author = {T. Pock},
  Institution = {TU Graz},
  Howpublished = {University Lecture},
  Year = {2016},
  Title = {Bildverarbeitung und Mustererkennung}
}

@inproceedings{aastrom11,
  title={Color persistent anisotropic diffusion of images},
  author={F. {\AA}str{\"o}m  and M. Felsberg and  R. Lenz},
  booktitle={Proceeding of the Scandinavian Conference on Image Analysis (SCIA 2011)},
  pages={262--272},
  year={2011},
  organization={Springer}
}



@article{Ioffe15,
  author    = {S. Ioffe and
               C. Szegedy},
  title     = {Batch Normalization: Accelerating Deep Network Training by Reducing
               Internal Covariate Shift},
  journal   = {CoRR},
  volume    = {abs/1502.03167},
  year      = {2015},

}

@book{Goodfellow16,
    title={Deep Learning},
    author={I. Goodfellow and Y. Bengio and A. Courville},
    publisher={MIT Press},
    note={\url{http://www.deeplearningbook.org}},
    year={2016}
}

@article{Hinton12,
  author    = {G. E. Hinton and
               N. Srivastava and
               A. Krizhevsky and
               I. Sutskever and
               R. Salakhutdinov},
  title     = {Improving neural networks by preventing co-adaptation of feature detectors},
  journal   = {CoRR},
  volume    = {abs/1207.0580},
  year      = {2012},
  url       = {http://arxiv.org/abs/1207.0580},
  archivePrefix = {arXiv},
  eprint    = {1207.0580},
  biburl    = {https://dblp.org/rec/bib/journals/corr/abs-1207-0580},
  bibsource = {dblp computer science bibliography, https://dblp.org}
}

@article{Prasath16,
  title={Adaptive coherence-enhancing diffusion flow for color images},
  author={V. B. S. Prasath},
  journal={Informatica},
  volume={40},
  number={3},
  pages={337},
  year={2016},
  publisher={Slovenian Society Informatika/Slovensko drustvo Informatika}
}
